% Use this file for citations not found in the ACL Anthology (contained in "anthology.bib").

@article{goodman2001bit,
  title={A bit of progress in language modeling},
  author={Goodman, Joshua T},
  journal={Computer Speech \& Language},
  volume={15},
  number={4},
  pages={403--434},
  year={2001},
  publisher={Elsevier}
}

@article{brin1998anatomy,
  title={The anatomy of a large-scale hypertextual web search engine},
  author={Brin, Sergey and Page, Lawrence},
  journal={Computer networks and ISDN systems},
  volume={30},
  number={1-7},
  pages={107--117},
  year={1998},
  publisher={Elsevier}
}

@book{manning2008introduction,
  title={Introduction to information retrieval},
  author={Manning, Christopher D and Raghavan, Prabhakar and Sch{\"u}tze, Hinrich},
  year={2008},
  publisher={Cambridge university press}
}